@misc{slovarcek,
title={{DIS} slovarček, slovar računalniških izrazov, verzija 2.1.70},
author = {Matjaž Gams (ured.)},
howpublished={Dosegljivo: \url{http://dis-slovarcek.ijs.si}},
note = {[Dostopano: 1. 10. 2016]},
}

@misc{monolithMicroservice,
	title = "{Pattern: Monolithic Architecture}",
	howpublished = {\url{http://microservices.io/patterns/monolithic.html}},
	note = {Dostopano: 22. 05. 2018}
}

@misc{microservicePattern,
	title = "{Pattern: Microservice Architevture}",
	howpublished = {Dosegljivo: \url{http://microservices.io/patterns/microservices.html}},
	note = {Dostopano: 11. 07. 2018}
}

@misc{microservicesMartin,
	title = "{Microservices: a definition of this new architectural term}",
	howpublished = {Dosegljivo: \url{https://martinfowler.com/articles/microservices.html}},
	note = {Dostopano: 11. 07. 2018}
}

@misc{cncf,
	title = "{The Linux Foundation. Cloud native computing foundation (\sn{cncf}) charter}",
	howpublished = {Dosegljivo: \url{https://www.cncf.io/about/charter/}},
	note = {Dostopano: 11. 07. 2018}
}

@misc{ibmCloudComputing,
	title = "{IBM. What is cloud computing?}",
	howpublished = {Dosegljivo: \url{https://www.ibm.com/cloud/learn/what-is-cloud-computing}},
	note = {Dostopano: 11. 07. 2018}
}

@misc{dockerContainer,
	title = "{What is a container}",
	howpublished = {Dosegljivo: \url{https://www.docker.com/what-container}},
	note = {Dostopano: 11. 07. 2018}
}

@misc{hyperledgerWeb,
	title = "{Hyperledger}",
	howpublished = {\url{https://www.hyperledger.org}},
	note = {Dostopano: 22. 05. 2018}
}

@misc{hyperledgerFabric,
	title = "{Hyperledger Fabric}",
	howpublished = {\url{https://www.hyperledger.org/projects/fabric}},
	note = {Dostopano: 22. 05. 2018}
}

@misc{hyperledgerDocs,
	title = "{Hyperledger Fabric documentation}",
	howpublished = {\url{https://hyperledger-fabric.readthedocs.io}},
	note = {Dostopano: 22. 05. 2018}
}

@misc{hyperledgerIbm,
	title = {Hyperledger - Open source blockchain for business},
	howpublished = {\url{https://www.ibm.com/blockchain/hyperledger.html}},
	note = {Dostopano: 22. 05. 2018}
}

@misc{ethereumWhitepaper,
	title = {Ethereum whitepaper},
	howpublished = {\url{https://github.com/ethereum/wiki/wiki/White-Paper#ethereum}},
	note = {Dostopano: 22. 05. 2018}
}

@misc{orchestrationLinux,
	title = {8 Container Orchestration Tools to Know},
	howpublished = {\url{https://www.linux.com/NEWS/8-OPEN-SOURCE-CONTAINER-ORCHESTRATION-TOOLS-KNOW}},
	note = {Dostopano: 23. 05. 2018}
}

@misc{Geth,
	title = {Go Ethereum},
	howpublished = {\url{https://geth.ethereum.org/}},
	note = {Dostopano: 28. 06. 2018}
}

@misc{Infura,
	title = {Infura},
	howpublished = {\url{https://infura.io/}},
	note = {Dostopano: 28. 06. 2018}
}

@misc{Sonm,
	title = {Sonm},
	howpublished = {\url{https://sonm.com/}},
	note = {Dostopano: 28. 06. 2018}
}

@misc{Ipfs,
	title = {Ipfs},
	howpublished = {\url{https://ipfs.io/}},
	note = {Dostopano: 28. 06. 2018}
}

@misc{Prometheus,
	title = {Prometheus Overview},
	howpublished = {\url{https://prometheus.io/docs/introduction/overview/}},
	note = {Dostopano: 28. 06. 2018}
}

@misc{ApplicationMetrics,
	title = {Pattern: Application metrics},
	howpublished = {\url{http://microservices.io/patterns/observability/application-metrics.html}},
	note = {Dostopano: 28. 06. 2018}
}

@misc{healthCheck,
	title = {Pattern: Health Check},
	howpublished = {Dosegljivo: \url{http://microservices.io/patterns/observability/health-check-api.html}},
	note = {Dostopano: 04. 07. 2018}
}

@misc{serviceDiscovery,
	title = {Pattern: Service Discovery},
	howpublished = {Dosegljivo: \url{https://www.nginx.com/blog/service-discovery-in-a-microservices-architecture/}},
	note = {Dostopano: 04. 07. 2018}
}

@misc{solidityDocs,
	title = "{Solidity Documentation}",
	howpublished = {Dosegljivo: \url{http://solidity.readthedocs.io/en/v0.4.24/}},
	note = {Dostopano: 12. 07. 2018}
}

@techreport{maldip,
	Title                    = "{Zasnova in razvoj rešitve za dinamično odkrivanje mikrostoritev v oblačnih arhitekturah}",
	Author                = {Malc, Urban},
	institution            = {Fakulteta za in ra\v{c}unalni\v{s}tvo in informatiko, Univerza v Ljubljani},
	Year                    = {2017},
	type                    = {Diplomska naloga}
}

@inproceedings{castro1999practical,
	title={Practical Byzantine fault tolerance},
	author={Castro, Miguel and Liskov, Barbara and others},
	booktitle={OSDI},
	volume={99},
	pages={173--186},
	year={1999}
}

@incollection{atzei2017survey,
	title={A survey of attacks on ethereum smart contracts (sok)},
	author={Atzei, Nicola and Bartoletti, Massimo and Cimoli, Tiziana},
	booktitle={Principles of Security and Trust},
	pages={164--186},
	year={2017},
	publisher={Springer}
}





